<?xml version="1.0" encoding="UTF-8"?><collection xmlns="http://www.loc.gov/MARC21/slim"><record><leader>00459nam--2200145-i-4500</leader><controlfield tag="001">000001792</controlfield><controlfield tag="002">20161230</controlfield><controlfield tag="005">20161230201024</controlfield><controlfield tag="008">060222s1000------------r-----000-0-eng-d</controlfield><datafield ind1=" " ind2=" " tag="080"><subfield code="a">681.3</subfield></datafield><datafield ind1=" " ind2=" " tag="100"><subfield code="a">Gold, Bernard., Rader, Charles, M</subfield></datafield><datafield ind1=" " ind2=" " tag="245"><subfield code="a">Digital processing of signals.with chapters by alan v.oppenheim and thomas g.stockham</subfield></datafield><datafield ind1=" " ind2=" " tag="260"><subfield code="a">New York, Mcgraw-hill Book Co., 1969. Xii + 269 P</subfield></datafield><datafield ind1=" " ind2=" " tag="490"><subfield code="a">Lincoln Laboratory Publications</subfield></datafield><datafield ind1=" " ind2=" " tag="852"><subfield code="a">31254</subfield></datafield></record></collection>